%% This BibTeX bibliography file was created using BibDesk.
%% http://bibdesk.sourceforge.net/


%% Created for Neil Taylor at 2014-04-07 22:34:31 +0100 

%% Saved with string encoding Unicode (UTF-8)

@misc{user_manual,
    autor = {{Yaesu}},
    note = {Accessed \formatdate{02}{04}{2017}},
    howpublished = {\url{http://www.yaesu.co.uk/files/FT-8900R_Opr\%20Manual.pdf}},
    year = 2003,
    annote = {The user manual for the FT-8900R radio. This was a somewhat use-full reference but was not enough to implement any features from. There are many behaviours that are not documented or mentioned. For example how the power can not be changed if the radio is set to a channel that it is not permitted to transmit on.}
}

@proceedings{ben_report,
    author = {Ben Cooper},
    note = {bgc@aber.ac.uk},
    title = {{Computer Control of a Yaesu FT-8900 Amateur Radio}}, 
    year = {2016},
    publisher = {Available upon request from the computer science department Aberystwyth},
    annote={A report from a past undergraduate on the same topic. This paper provides excellent starting reference identifying approximately 60-80\% of the head-body protocol for the FT8900 radio.}
}

@MISC{linux_coding_style,
    author = {Linux torvolds},
    title = {{Linux kernel coding style}},
    day = {8},
    month = {Nov},
    year = {2016},
    howpublished={\url{https://github.com/torvalds/linux/blob/master/Documentation/process/coding-style.rst}},
    note={Accessed April 2017},
    annote={Reference to the coding style guide used. The guide was written by Linus Torvalds and contains much of his infamous humour making the read a lot less dry than most style guides. It also contains a good deal of rational. This code style is no doubt controversial, but seems to work for the C language.}
}


@MISC{CAT,
    author = {{James "Scott" Duckworth (NA4IT)}},
    title = {{Digital Mode Operation vs CAT Control}},
    month = {June},
    year = {2010},
    howpublished={\url{http://www.eham.net/articles/23794}},
    note={Accessed February 2015},
    annote={A good explanation of the terminology around controlling radios.}
}

@MISC{grig,
    author = {Alexandru Csete and others},
    title = {{Free, Ham Radio Control Application}},
    month = {July},
    year = {2015},
    howpublished={\url{http://groundstation.sourceforge.net/grig/index.php}},
    note={Accessed May 1 2017},
    annote={Gnome RIG is simple a GUI application written using the Gtk+ and Gnome widgets.}
}


@misc{def_amateur_radio,
	Annote = {A description of what is amateur radio.},
	Author = {Sylvia Duckworth},
	Howpublished = {\url{rsgb.org/main/get-started-in-amateur-radio/what-is-amateur-radio/}},
	note = {Accessed 21 Apr 2017},
	Title = {{What is amateur radio?}},
	year = 2017
}

@misc{hamlib,
	Annote = {An open source application that provides a generic API for a number of radios. AKA an abstraction layer for application programmers to work on.},
	Author = {{Nate Bargmann (Maintainer) and contributors}},
	note = {Accessed 1 May 2017},
	Howpublished = {\url{Hamlib.org}},
	Title = {{Ham Radio Control Libraries}},
	year = 2017
}
	
@misc{RRC_1258Mk,
    Annote = {The only competing remote radio control solution that I found. Priced at \$708 for the 2 required boxes},
    Author = {{Microbit}},
    Howpublished = {\url{http://shop.microbit.se/webshop/catalog/product_info.php?cPath=21&products_id=48}},
    note = {Accessed 21 Apr 2017},
    Title = {{RRC-1258MkIIs Yaesu Twin}},
    Year = 2015
}

@misc{xp,
    Annote = {This is a good bluet summary of the basics of XP. This was useful memory prompt when writing about XP.},
    Author = {Jonathan Rasmusson},
    Howpublished = {\url{http://www.agilenutshell.com/xp}},
    note = {Accessed 26 Apr 2017},
    Title = {{Extreme Programming}},
    Year = 2015
}

@MISC{xpforone,
    Annote = {A discussion of using XP as a single developer from some the creators of the XP methodology such as Kent Beck and Eric Smith. This document was pivotal in creating my own methodology for the project},
    Author = {Kent Beck and Dethe Elza and John Brewer and Yonat Sharon and Eric Smith and Ron Jeffries and David Mc Nicol and Peter Merel and others},
    Howpublished = {\url{http://wiki.c2.com/?ExtremeProgrammingForOne}},
    note = {Accessed 26 Apr 2017},
    Title = {{Extreme Programming For One}},
    Year = 2014
}

@MISC{lone_developer,
    author = {{James "Scott" Duckworth (NA4IT)}},
    title = {Lone Developer Project Management},
    month = {June},
    year = {2010},
    howpublished={\url{http://wiki.c2.com/?LoneDeveloperProjectManagement}},
    note={Accessed February 2015},
    annote={Shows what changes can be made to allow for Extreme programming with one developer. Also points outs relevant anti-patterns to avoid and how to avoid them.}
}

@MISC{radio_terms,
	Annote = {Explanation of many radio terms that I (and the reader may) find a use-full reference guide.},
	Author = {{Icom Inc}},
	Howpublished ={\url{http://www.icomcanada.com/techbulletin/tb1/ham_radio_terms.pdf}},
	note = {Accessed 23 April 2017},
	Title = {{HAM RADIO TERMS}},
	Year = 2002
}

@MISC{sem_ver,
	Annote = {The semantic versioning scheme. I used this to decriobe vershons of the my program I used the V2.0.0 definition of this scheme for my project.},
	Author = {Tom Preston-Werner},
	Howpublished ={\url{http://semver.org/spec/v2.0.0.html}},
	note = {Accessed 28 April 2017},
	Title = {{Semantic Versioning 2.0.0}}
}

@MISC{pyserial,
	Annote = {The library that is tested for use if the application was to be made in python},
	Author = {Chris Liechti},
	Howpublished ={\url{https://pypi.python.org/pypi/pyserial}},
	note = {Accessed 29 April 2017},
	Title = {{Pyserial}}
}

@MISC{google_tests,
	Annote = {The library I used for unit testing. Very fast and well made with a number of useful assertion methods, setup functions etc.},
	Author = {Billy Donahue and Greg Miller and Sam Roth and Anton Klautsan and Mark Mentovai and Jim Ma and Douglas Greiman and Marco Molteni and  others},
	Howpublished ={\url{https://github.com/google/googletest/}},
	note = {Accessed 1 May 2017},
	Title = {{Google Test}}
}

@MISC{curl_mallocs,
    Annote = {This is a blog post from the current maintainer of the open souce program ``Curl'' on how grouping struts in the codebase so that there are fewer mallocs resulted in a \%30 improvement in performance. The author uses performance benchmarks to provide evidence to this point. It should be noted that this application made hundreds and sometimes thousands of malloc calls in its regular operation, meaning that this improvement was made at a large scale. This was the counter argument in the decision making process of choosing a non-intrusive data structure.},
    Author = {Daniel Stenberg},
    Howpublished = {\url{https://daniel.haxx.se/blog/2017/04/22/fewer-mallocs-in-curl/}},
    note = {Accessed 3 May 2017},
    Title = {Fewer mallocs in curl}
}

@MISC{mumble,
    Annote = {This is a low latency, low bandwidth, low resource using voice over IP application. While its primary usage is for gaming it is often used in places where a high quality version of more popular applications such as Skype is used. Mumble is capable of authentication and encryption and is often trusted to run exposed to the Internet. This application can be used in conjunction with the project to achieve a fully working remote shack. It is envisioned that the mumble server would be run on the remote side and users would connect there clients to it. },
    Howpublished = {\url{http://wiki.mumble.info/wiki/Main_Page}},
    note = {Accessed 5 May 2017},
    Title = {Mumble}
}

@MISC{Cppcheck,
    Annote = {This is a tool for C and C++ code analysis. I used this tool in my project to good effect. However it required a lot of setup of flags to get the desired output that could be interpreted by Jenkins.},
    Howpublished = {\url{http://cppcheck.sourceforge.net/}},
    note = {Accessed 5 May 2017},
    Title = {Mumble}
}

@MISC{valgrind,
    Annote = {Valgrind is a set of analysis tools to find and improve memory management. It can work almost any binary and is actually a virtual machine.},
    Howpublished = {\url{http://valgrind.org/}},
    note = {Accessed 5 May 2017},
    Title = {Valgrind}
}


%% *****************
%% *** Examples ****
%% *****************

url{apache_poi,
	Annote = {This is my annotation. I should add in a description here.},
	Author = {{Apache Software Foundation}},
	Date-Modified = {2014-04-07 21:34:28 +0000},
	Howpublished = {\url{http://poi.apache.org}},
	note = {Accessed 14 March 2014},
	Title = {{Apache POI - the Java API for Microsoft Documents}},
	Year = 2014
}

book{NumericalRecipes,
 	Annote = {This is my annotation. I can add in comments that are in \textbf{bold} and \em{italics} and then other content.},
	Author = {Press, W.H. and others},
	Pages = {349--361},
	Publisher = {Cambridge University Press Cambridge},
	Title = {{Numerical recipes in C}},
	Year = {1992}
}

inproceedings{MarksPaper,
	Annote = {This paper...},
	Author = {Mark Neal and Jan Feyereisl and Rosario Rascun\`{a} and Xiaolei Wang},
	Booktitle = {Proceedings of the 5th International Conference on Artificial Immune Systems},
	Pages = {349--361},
	Publisher = {Springer},
	Title = {{Don't touch me, I'm fine: Robot autonomy using an artificial innate immune system}},
	Year = {2006}
}

article{HannahsPaper,
	Annote = {This is my annotation. I should add in a description here.},
	Author = {Dee, H. M. and Hogg, D. C.},
	Journal = aij,
	Pages = {329-342},
	Title = {Navigational strategies in behaviour modelling},
	Volume = {173(2)},
	Year = 2009
}

misc{FailBlog,
	Annote = {This is my annotation. I should add in a description here.},
	Author = {Various},
	Howpublished = {\url{http://www.failblog.org/}},
	Month = Aug,
	Note = {Accessed August 2011},
	Title = {Fail Blog},
	Year = {2011}
}
